
@misc{tricats,
      title={Categories generated by a trivalent vertex}, 
      author={Scott Morrison and Emily Peters and Noah Snyder},
      year={2016},
      eprint={1501.06869},
      archivePrefix={arXiv},
      primaryClass={math.QA}
}

@misc{g2_construction,
      title={An Easy Construction of $G_2$}, 
      author={N J Wildberger},
      year={},
      eprint={},
      archivePrefix={},
      primaryClass={},
      url={https://web.maths.unsw.edu.au/~norman/papers/G2Construction.pdf}
},

@misc{Cain_Dan,
      title={Cell Systems for $\overline{\operatorname{Rep}(U_q(\mathfrak{sl}_N))}$ Module Categories}, 
      author={Daniel Copeland and Cain Edie-Michell},
      year={2023},
      eprint={2301.13172},
      archivePrefix={arXiv},
      primaryClass={math.QA}
},

@misc{presentations,
      title={Presentations for tensor categories}, 
      author={James East},
      year={2023},
      eprint={2005.01953},
      archivePrefix={arXiv},
      primaryClass={math.CT},
      url={https://arxiv.org/abs/2005.01953}, 
},

@article{Kuperberg,
   title={Spiders for rank 2 Lie algebras},
   volume={180},
   ISSN={1432-0916},
   url={http://dx.doi.org/10.1007/BF02101184},
   DOI={10.1007/bf02101184},
   number={1},
   journal={Communications in Mathematical Physics},
   publisher={Springer Science and Business Media LLC},
   author={Kuperberg, Greg},
   year={1996},
   month=sep, pages={109–151}
},

@article{graph_loops,
   title={On Algorithms for Enumerating All Circuits of a Graph},
   volume={180},
   ISSN={1},
   url={https://epubs.siam.org/doi/pdf/10.1137/0205007},
   DOI={10.1137/0205007},
   number={},
   journal={SIAM Journal on Computing},
   publisher={},
   author={Prabhaker Mateti and Narsingh Deo},
   year={1976},
   month=mar, pages={90-99}
},

@BOOK{Kassel,
  title     = "Quantum Groups",
  author    = "Kassel, Christian",
  publisher = "Springer",
  series    = "Graduate Texts in Mathematics",
  edition   =  1995,
  month     =  nov,
  year      =  1994,
  address   = "New York, NY",
  language  = "en"
},

@BOOK{Etingof2015,
  title     = "Tensor Categories",
  author    = "Etingof, Pavel and Gelaki, Shlomo and Nikshych, Dmitri and
               Ostrik, Victor",
  publisher = "American Mathematical Society",
  series    = "Mathematical Surveys and Monographs",
  month     =  aug,
  year      =  2015,
  address   = "Providence, RI",
  language  = "en"
},

@article{KW,
  title={Reconstructing monoidal categories},
  author={David Kazhdan and Hans Wenzl},
  year={1993},
  url={https://api.semanticscholar.org/CorpusID:125218067}
},

@misc{ostrik2001modulecategoriesweakhopf,
      title={Module categories, weak Hopf algebras and modular invariants}, 
      author={Viktor Ostrik},
      year={2001},
      eprint={math/0111139},
      archivePrefix={arXiv},
      primaryClass={math.QA},
      url={https://arxiv.org/abs/math/0111139}, 
},

@misc{DMNO,
      title={The Witt group of non-degenerate braided fusion categories}, 
      author={Alexei Davydov and Michael Mueger and Dmitri Nikshych and Victor Ostrik},
      year={2011},
      eprint={1009.2117},
      archivePrefix={arXiv},
      primaryClass={math.QA},
      url={https://arxiv.org/abs/1009.2117}, 
},

@misc{VOA_alg_object,
      title={On q-analog of McKay correspondence and ADE classification of sl^(2) conformal field theories}, 
      author={Alexander Kirillov Jr au2 and Viktor Ostrik},
      year={2001},
      eprint={math/0101219},
      archivePrefix={arXiv},
      primaryClass={math.QA},
      url={https://arxiv.org/abs/math/0101219}, 
},

@misc{wolfram_rootreduce,
    author="Wolfram Research", 
    title="{RootReduce}", 
    year="2007", 
    howpublished="\url{https://reference.wolfram.com/language/ref/RootReduce.html}", 
    note="Accessed: 28-August-2024"
},

@article{g2_graphs,
   title={Exceptional quantum subgroups for the rank two Lie algebras B2 and G2},
   volume={51},
   ISSN={1089-7658},
   url={http://dx.doi.org/10.1063/1.3476319},
   DOI={10.1063/1.3476319},
   number={9},
   journal={Journal of Mathematical Physics},
   publisher={AIP Publishing},
   author={Coquereaux, R. and Rais, R. and Tahri, E. H.},
   year={2010},
   month=sep }

@misc{cain_noah_hans,
      title={Interpolation categories for conformal embeddings}, 
      author={Cain Edie-Michell and Noah Snyder and Hans Wenzl},
      year={2024},
      eprint={},
      archivePrefix={arXiv},
      primaryClass={math.QA},
      url={}, 
},

@article{cyclotomic_fusion-cats_and_subfactors,
   title={Cyclotomic Integers, Fusion Categories, and Subfactors},
   volume={303},
   ISSN={1432-0916},
   url={http://dx.doi.org/10.1007/s00220-010-1136-2},
   DOI={10.1007/s00220-010-1136-2},
   number={3},
   journal={Communications in Mathematical Physics},
   publisher={Springer Science and Business Media LLC},
   author={Calegari, Frank and Morrison, Scott and Snyder, Noah},
   year={2010},
   month=sep, pages={845–896} 
},

@misc{gannon_near-groups,
      title={Near-group fusion categories and their doubles}, 
      author={David E. Evans and Terry Gannon},
      year={2012},
      eprint={1208.1500},
      archivePrefix={arXiv},
      primaryClass={math.QA},
      url={https://arxiv.org/abs/1208.1500}, 
}

@misc{comes-wilson,
      title={Deligne's category Rep(GL_\delta) and representations of general linear supergroups}, 
      author={Jonathan Comes and Benjamin Wilson},
      year={2011},
      eprint={1108.0652},
      archivePrefix={arXiv},
      primaryClass={math.RT},
      url={https://arxiv.org/abs/1108.0652}, 
},

@misc{lie-theory-primer,
      title={Lie Theory for Fusion Categories: a Research Primer}, 
      author={Andrew Schopieray},
      year={2018},
      eprint={1810.09055},
      archivePrefix={arXiv},
      primaryClass={math.QA},
      url={https://arxiv.org/abs/1810.09055}, 
},

@misc{extended_haagerup,
      title={The Extended Haagerup fusion categories}, 
      author={Pinhas Grossman and Scott Morrison and David Penneys and Emily Peters and Noah Snyder},
      year={2018},
      eprint={1810.06076},
      archivePrefix={arXiv},
      primaryClass={math.QA},
      url={https://arxiv.org/abs/1810.06076}, 
}

@misc{semisimplification,
      title={On semisimplification of tensor categories}, 
      author={Pavel Etingof and Victor Ostrik},
      year={2019},
      eprint={1801.04409},
      archivePrefix={arXiv},
      primaryClass={math.RT},
      url={https://arxiv.org/abs/1801.04409}, 
}

@misc{exactSequencesTensorCategories,
      title={Exact sequences of tensor categories}, 
      author={Alain Bruguières and Sonia Natale},
      year={2010},
      eprint={1006.0569},
      archivePrefix={arXiv},
      primaryClass={math.QA},
      url={https://arxiv.org/abs/1006.0569}, 
}

@misc{monoidalFunctorsAndAlgebras,
      title={Strong monoidal functors and modules}, 
      author={Yigal Kamel},
      year={2023},
      url={https://yigalkamel.web.illinois.edu/StrongFuncModules_Mar23.pdf}, 
}


@misc{cain_autoequivalences,
      title={Auto-equivalences of the modular tensor categories of type $A$, $B$, $C$ and $G$}, 
      author={Cain Edie-Michell},
      year={2020},
      eprint={2002.03220},
      archivePrefix={arXiv},
      primaryClass={math.QA},
      url={https://arxiv.org/abs/2002.03220}, 
}

@article{spectral_measures_G2,
   title={Spectral Measures for G 2},
   volume={337},
   ISSN={1432-0916},
   url={http://dx.doi.org/10.1007/s00220-015-2293-0},
   DOI={10.1007/s00220-015-2293-0},
   number={3},
   journal={Communications in Mathematical Physics},
   publisher={Springer Science and Business Media LLC},
   author={Evans, David E. and Pugh, Mathew},
   year={2015},
   month=feb, pages={1161–1197} }